@book{Nikiforov,
	title = {Classical Orthogonal Polynomials of a discrete variable},
	author = {Nikiforov, A. V. and Suslov, S. K. and Uvarov, V. B.},
	publisher = {New York: Springer-Verlag, J. Phys. A: Math. Gen.},
	pages = {1435--1451},
	volume = {29},
	year = {1991}}

@book{Nikiforov1,
	title = {Special Functions in Mathematical Physics},
	author = {Nikiforov, A. V and Uvarov, V. B.},
	publisher = {Birkhauser Verlag, Basel},
	pages = {},
	volume = {},
	year = {1988}}

@article{Anier,
	title = {First order
	non-homogeneous $q$-difference equation for Stieltjes function characterizing $q$-orthogonal polynomials},
	author = {Arves\'{u}, J. and Soria-Lorente, A.},	
	journal = {J. Differ. Equ. Appl.},
	volume = {19},
	number = {5},
	pages = {814--838},
	year = {2013}}

@book{Gasper,
	title = {Basic Hypergeometric Series},
	author = {Gasper, G. and Rahman, M.},
	publisher = {Cambridge University Press, Cambridge},
	pages = {},
	volume = {},
	year = {2004}}

@article{BarmakJ,
	title = {Fast computation of Krawtchouk moments},
	author = {Barmak, S. A. and Jan, F.},	
	journal = {Inform. Sci.},
	volume = {288},
	number = {},
	pages = {73--86},
	year = {2014}}

@article{Jianfeng,
	title = {Image matching based on radial Krawtchouk moments},
	author = {Jianfeng, S. and Xingjun, X. and Xiaoxue, L. and Qi, W.},	
	journal = {J. Comput. Inform. Systems},
	volume = {6},
	number = {7},
	pages = {2351--2357},
	year = {2010}}

@article{Yap2003,
	title = {{Image Analysis by Krawtchouk Moments}},
	author = {Yap, P. and Paramesran, R. and Ong, S. H.},	
	journal = {IEEE Trans. Image Process.},
	pages = {1367--1377},	
	volume = {12},
	number = {11},
	year = {2003}}

@inproceedings{Yap2004,
	title={Local watermarks based on Krawtchouk moments},
	author={Yap, P-T and Paramesran, Raveendran},
	booktitle={TENCON 2004. 2004 IEEE Region 10 Conference},
	pages={73--76},
	year={2004},
	organization={IEEE}
}

@article{HLiao,
	title = {Local Feature Extraction Property of Krawtchouk Moment},
	author = {Hu, B. and Liao, S.},	
	journal = {Lecture Notes on Software Engineering},
	pages = {356--359},	
	volume = {1},
	number = {4},
	year = {2013}}

@misc{Koekoek1996,
author = {Koekoek, Roelof and Swarttouw, Rene F},
file = {:home/ernesto/Documentos/Mendeley Desktop/1996/1996 - The Askey-scheme of hypergeometric orthogonal polynomials and its q-analogue - Koekoek, Swarttouw.pdf:pdf},
title = {{The Askey-scheme of hypergeometric orthogonal polynomials and its q-analogue}},
year = {1996}
}

@inproceedings{Chow2017,
author = {Chow, Yang-Wai and Susilo, Willy and Tonien, Joseph and Zong, Wei},
booktitle = {ACISP 2017},
doi = {10.1007/978-3-319-59870-3},
isbn = {9783319598703},
keywords = {data hiding,discrete cosine transform,discrete wavelet,error correction,qr code,transform,watermarking},
pages = {314--331},
title = {{A QR Code Watermarking Approach Based on the DWT-DCT Technique}},
year = {2017}
}

@article{Wang2012,
author = {Wang, Xingyuan and Jin, Canqi},
doi = {10.1016/j.optcom.2011.10.010},
issn = {0030-4018},
journal = {OPTICS},
keywords = {Game of Life,Higher half pixel diffusion,Image encryption,Logistic map,PWLCM system},
number = {4},
pages = {412--417},
publisher = {Elsevier B.V.},
title = {{Image encryption using Game of Life permutation and PWLCM chaotic system}},
volume = {285},
year = {2012}
}

@inproceedings{Cox2008,
author = {Cox, I.J.},
file = {:home/ernesto/Documentos/Mendeley Desktop/2008/Watermarking, steganography and content forensics/2008 - Cox - Watermarking, steganography and content forensics.pdf:pdf},
isbn = {1605580589},
keywords = {Folder - Doctorado},
mendeley-tags = {Folder - Doctorado},
title = {{Watermarking, steganography and content forensics}},
year = {2008}
}

@article{Juarez-sandoval2018,
author = {Juarez-Sandoval, Oswaldo Ulises and Cedillo-hernandez, Manuel and Nakano-Miyatake, Mariko and Cedillo-Hernandez, Antonio and Perez-Meana, Hector},
file = {:home/ernesto/Documentos/Mendeley Desktop/2018/2018 - Digital image ownership authentication via camouflaged unseen-visible watermarking - Juarez-sandoval et al.pdf:pdf},
journal = {Multimed Tools Appl},
keywords = {Image-processing,Information security,Ownership authentication,Unseen-visible watermarking,Watermarking,image-processing,information security,ownership authentication,unseen-visible,watermarking},
publisher = {Multimedia Tools and Applications},
title = {{Digital image ownership authentication via camouflaged unseen-visible watermarking}},
year = {2018}
}

@article{Zhou2018,
author = {Zhou, Xiao and Zhang, Heng and Wang, Chengyou},
doi = {10.3390/sym10030077},
file = {:home/ernesto/Documentos/Mendeley Desktop/2018/2018 - A Robust Image Watermarking Technique Based on DWT, APDCBT, and SVD - Zhou, Zhang, Wang.pdf:pdf},
journal = {Symmetry},
keywords = {all,apdcbt,copyright protection,discrete wavelet transform,dwt,phase discrete cosine biorthogonal,robust image watermarking,singular value decomposition,svd,transform},
title = {{A Robust Image Watermarking Technique Based on DWT, APDCBT, and SVD}},
year = {2018}
}

@article{2Blackledge2013,
author = {Blackledge, Jonathan and Iakovenko, Oleksandr},
file = {:home/ernesto/Documentos/Mendeley Desktop/2013/Resilient Digital Image Watermarking for Embedded Information Extraction/2013 - Blackledge, Iakovenko - Resilient Digital Image Watermarking for Embedded Information Extraction.pdf:pdf},
title = {{Resilient Digital Image Watermarking for Embedded Information Extraction}},
year = {2013}
}

@article{Loukhaoukha2013,
author = {Loukhaoukha, Khaled},
file = {:home/ernesto/Documentos/Mendeley Desktop/2013/2013 - Image Watermarking Algorithm Based on Multiobjective Ant Colony Optimization and Singular Value Decomposition in Wavelet Domain - Loukhaoukha.pdf:pdf},
journal = {Journal of Optimization},
title = {{Image Watermarking Algorithm Based on Multiobjective Ant Colony Optimization and Singular Value Decomposition in Wavelet Domain}},
year = {2013}
}

@article{Abdelhakim2016,
author = {Abdelhakim, Assem Mahmoud and Saleh, Hassan Ibrahim and Nassar, Amin Mohamed},
doi = {10.1016/j.eswa.2016.10.056},
issn = {0957-4174},
journal = {Expert Systems With Applications},
keywords = {Artificial Bee Colony,Fitness function,Meta-heuristic,Optimization,Robust image watermarking,robust image watermarking},
pages = {1--10},
publisher = {Elsevier Ltd},
title = {{A quality guaranteed robust image watermarking optimization with Artificial Bee Colony}},
year = {2016}
}

@article{Ali2013,
author = {Ali, Musrrat and Ahn, Chang Wook and Siarry, Patrick},
doi = {10.1016/j.engappai.2013.07.009},
issn = {0952-1976},
journal = {Engineering Applications of Artificial Intelligence},
keywords = {Arnold transformation,Differential evolution,Discrete wavelet transform,Optimization,Singular value decomposition,arnold transformation,discrete wavelet transform,singular value decomposition},
pages = {1--12},
publisher = {Elsevier},
title = {{Differential evolution algorithm for the selection of optimal scaling factors in image watermarking}},
year = {2013}
}

@article{Abdelhakim2015,
author = {Abdelhakim, Assem M and Saleh, Hassan I and Nassar, Amin M},
doi = {10.1049/iet-ipr.2015.0379},
file = {:home/ernesto/Documentos/Mendeley Desktop/2015/2015 - Quality metric-based fitness function for robust watermarking optimisation with Bees algorithm - Abdelhakim, Saleh, Nassar.pdf:pdf},
journal = {IET Image Processing},
pages = {1--6},
title = {{Quality metric-based fitness function for robust watermarking optimisation with Bees algorithm}},
year = {2015}
}

@article{Agarwal2014,
author = {Agarwal, Charu and Mishra, Anurag and Sharma, Arpita and Bedi, Punam},
doi = {10.1016/j.eswa.2014.06.011},
isbn = {9891994775},
issn = {0957-4174},
journal = {EXPERT SYSTEMS WITH APPLICATIONS},
volume = {4},
number = {June},
publisher = {Elsevier Ltd},
title = {{Optimized gray-scale image watermarking using DW-SVD and Firefly Algorithm}},
year = {2014}
}

@article{Bedi2012,
author = {Bedi, Punam and Bansal, Roli and Sehgal, Priti},
doi = {10.1016/j.protcy.2012.05.098},
file = {:home/ernesto/Documentos/Mendeley Desktop/2012/2012 - Multimodal Biometric Authentication using PSO based Watermarking - Bedi, Bansal, Sehgal.pdf:pdf},
journal = {Procedia Technology},
keywords = {-biometrics,authentication,multimodal,particle swarm optimization,security,watermarking},
pages = {612--618},
title = {{Multimodal Biometric Authentication using PSO based Watermarking}},
volume = {4},
year = {2012}
}

@article{Sakea2016,
author = {Sakea, Anjaneyulu and Tirumala, Ramashri},
file = {:home/ernesto/Documentos/Mendeley Desktop/2016/2016 - Bi-orthogonal Wavelet Transform Based Video Watermarking Using Optimization Techniques - Sakea, Tirumala.pdf:pdf},
journal = {Materials Today: Proceedings},
keywords = {artificial bee colony algorithm,bi-orthogonal wavelet transform,embedding process,extraction process,video watermarking},
title = {{Bi-orthogonal Wavelet Transform Based Video Watermarking Using Optimization Techniques}},
year = {2016}
}

@article{Abdelhakim2018,
author = {Abdelhakim, Assem M and Saad, M H and Sayed, M and Saleh, H I},
file = {:home/ernesto/Documentos/Mendeley Desktop/2018/2018 - Optimized SVD-based robust watermarking in the fractional Fourier domain - Abdelhakim et al.pdf:pdf},
isbn = {1104201860},
journal = {Multimed Tools Appl},
keywords = {Artificial Bee Colony,Fractional Fourier Transform,Meta-heuristic optimization,Robust watermarking,Singular Value Decomposition},
publisher = {Multimedia Tools and Applications},
title = {{Optimized SVD-based robust watermarking in the fractional Fourier domain}},
year = {2018}
}

@article{Papakostas2014,
author = {Papakostas, G A and Tsougenis, E D and Koulouriotis, D E},
doi = {10.1016/j.amc.2013.11.036},
issn = {0096-3003},
journal = {Applied Mathematics and Computation},
pages = {222--236},
publisher = {Elsevier Inc.},
title = {{Moment-based local image watermarking via genetic optimization}},
volume = {227},
year = {2014}
}

@inproceedings{Budiman2017,
author = {Budiman, Gelar and Novamizanti, Ledya and Iwut, Iwan},
booktitle = {ICSAS},
doi = {10.1088/1742-6596/795/1/012039},
file = {:home/ernesto/Documentos/Mendeley Desktop/2017/2017 - Genetics algorithm optimization of DWT-DCT based image Watermarking - Budiman, Novamizanti, Iwut.pdf:pdf},
title = {{Genetics algorithm optimization of DWT-DCT based image Watermarking}},
year = {2017}
}

@article{Li2016,
author = {Li, Jianzhong and Lin, Qun and Yu, Chuying and Ren, Xuechang and Li, Ping},
doi = {10.1007/s00500-016-2320-x},
issn = {1433-7479},
journal = {Soft Computing},
keywords = {Color image watermarking,Computer-generated hologram,Geometric correction,Quaternion discrete cosine transform,color image watermarking,computer-generated hologram,discrete cosine transform,geometric correction,quaternion},
publisher = {Springer Berlin Heidelberg},
title = {{A QDCT- and SVD-based color image watermarking scheme using an optimized encrypted binary computer-generated hologram}},
year = {2016}
}

@article{Shih2017,
author = {Shih, Frank Y and Zhong, Xin and Chang, I-cheng and Satoh, Shin},
doi = {10.1007/s11042-017-4367-9},
issn = {1380-7501},
journal = {Multimedia Tools and Applications},
keywords = {Image watermarking,ROI,Authentication,SVD,PSO,Data hiding,authentication,data hiding,image watermarking,pso,roi,svd},
publisher = {Multimedia Tools and Applications},
title = {{An adjustable-purpose image watermarking technique by particle swarm optimization}},
year = {2017}
}

@article{Avila-Domenech1899,
author = {Avila-Domenech, Ernesto},
file = {:home/ernesto/Documentos/Mendeley Desktop/1899/1899 - Marca de agua digital basada en DWT-DCT para im\'{a}genes de documentos manuscritos optimizaci\'{o}n contra ataques de compresi\'{o}n JPEG - Avila-domenech.pdf:pdf},
journal = {Revista Cubana de Ciencias Inform\'{a}ticas},
keywords = {algoritmo gen,documento manuscrito,dwt-dct,etico,marca de agua digital,qr code,s},
number = {2},
title = {{Marca de agua digital basada en DWT-DCT para im\'{a}genes de documentos manuscritos: optimizaci\'{o}n contra ataques de compresi\'{o}n JPEG}},
volume = {12},
year = {2018}
}

@article{Fan2018,
author = {Fan, Mingquan and Wang, Hongxia},
doi = {10.1016/j.image.2018.04.003},
issn = {0923-5965},
journal = {Signal Processing: Image Communication},
publisher = {Elsevier Ltd},
title = {{An enhanced fragile watermarking scheme to digital image protection and self recovery}},
year = {2018}
}

@book{Parekh2018,
author = {Parekh, Maharshi and Bidani, Shiv and Santhi, V},
doi = {10.1007/978-981-10-7871-2},
isbn = {9789811078712},
keywords = {Spatial,Correlation,Watermark,Copyright protection,Embedding,Extraction,Fragile,Luminance,spatial},
pages = {519--527},
publisher = {Springer Singapore},
title = {{Spatial Domain Blind Watermarking for Digital Images}},
year = {2018}
}

@article{Singh2018,
author = {Singh, Satendra Pal and Bhatnagar, Gaurav},
doi = {10.1016/j.jvcir.2018.03.006},
issn = {1047-3203},
journal = {Journal of Visual Communication and Image Representation},
keywords = {Chaotic map,Digital watermarking,Integer discrete cosine transform,Stochastic resonance,digital watermarking,integer discrete cosine transform},
number = {February 2017},
pages = {86--101},
publisher = {Elsevier},
title = {{A new robust watermarking system in integer DCT domain}},
volume = {53},
year = {2018}
}

@article{Su2017,
author = {Su, Qingtang and Chen, Beijing},
doi = {10.1007/s00500-017-2489-7},
issn = {1432-7643},
journal = {Soft Computing},
keywords = {Blind watermarking,Color image,Spatial domain,DC c,blind watermarking,color image,communicated by v,dc coefficient,domain,loia,spatial},
publisher = {Springer Berlin Heidelberg},
title = {{Robust color image watermarking technique in the spatial domain}},
year = {2017}
}

@article{Thakkar2017,
author = {Thakkar, Falgun N. and Srivastava, Vinay Kumar},
doi = {10.1007/s11042-016-3928-7},
isbn = {1104201639287},
issn = {15737721},
journal = {Multimedia Tools and Applications},
keywords = {Blind watermarking,Electronic patient record (EPR),Error correcting code,Image and text watermarking,Medical image security},
number = {3},
pages = {3669--3697},
publisher = {Multimedia Tools and Applications},
title = {{A blind medical image watermarking: DWT-SVD based robust and secure approach for telemedicine applications}},
volume = {76},
year = {2017}
}

@article{Najih2017,
author = {Najih, Abdulmawla and Ramli, Abd Rahman and Hashim, S J and Nematollahi, Mohammad Ali},
doi = {10.1016/j.jksuci.2016.02.005},
issn = {1319-1578},
journal = {Journal of King Saud University - Computer and Information Sciences},
keywords = {contourlet transform,digital watermarking},
number = {3},
pages = {288--294},
publisher = {King Saud University},
title = {{Digital image watermarking based on angle quantization in discrete contourlet transform}},
volume = {29},
year = {2017}
}

@article{Liu2017,
author = {Liu, Xilin and Han, Guoniu and Wu, Jiasong and Shao, Zhuhong and Coatrieux, Gouenou and Shu, Huazhong},
doi = {10.1109/TSP.2017.2652383},
isbn = {2012009212},
issn = {1053-587X},
journal = {IEEE Transactions on Signal Processing},
number = {7},
pages = {1894--1908},
title = {{Fractional Krawtchouk Transform With an Application to Image Watermarking}},
volume = {65},
year = {2017}
}

@article{Ghazvini2017,
author = {Ghazvini, Mahdieh and Hachrood, Elham Mohamadi and Mirzadi, Mojdeh},
doi = {10.1080/19361610.2017.1277878},
issn = {1936-1610},
journal = {Journal of Applied Security Research},
keywords = {Digital image watermarking,discrete wavelet transf},
number = {2},
pages = {260--275},
publisher = {Taylor {\&} Francis},
title = {{An Improved Image Watermarking Method in Frequency Domain}},
volume = {12},
year = {2017}
}

@article{Haribabu2016,
author = {Haribabu, Maruturi and Bindu, Ch Hima and Swamy, K Veera},
doi = {10.1016/j.procs.2016.07.234},
issn = {1877-0509},
journal = {Procedia - Procedia Computer Science},
number = {September},
pages = {462--468},
publisher = {The Author(s)},
title = {{A Secure {\&} Invisible Image Watermarking Scheme Based on Wavelet Transform in HSI Color Space}},
volume = {93},
year = {2016}
}

@misc{Cao2010,
author = {Feng, Liu Ping and Zheng, Liang Bin and Cao, Peng},
file = {:home/ernesto/Documentos/Mendeley Desktop/2010/2010 - A DWT-DCT Based Blind Watermarking Algorithm for Copyright Protection - Feng, Zheng, Cao.pdf:pdf;:home/ernesto/Documentos/Mendeley Desktop/2010/2010 - A DWT-DCT Based Blind Watermarking Algorithm for Copyright Protection - Feng, Zheng, Cao.pdf:pdf},
isbn = {9781424455393},
keywords = {-arnold,watermarking attacks},
pages = {455--458},
title = {{A DWT-DCT Based Blind Watermarking Algorithm for Copyright Protection}},
year = {2010}
}

@article{papakostas2010computation,
  title={Computation strategies of orthogonal image moments: a comparative study},
  author={Papakostas, George A and Koulouriotis, Dimitris E and Karakasis, Evangelos G},
  journal={Applied Mathematics and Computation},
  volume={216},
  number={1},
  pages={1--17},
  year={2010},
  publisher={Elsevier}
}

@article{chen2001quantization,
  title={Quantization index modulation: A class of provably good methods for digital watermarking and information embedding},
  author={Chen, Brian and Wornell, Gregory W},
  journal={IEEE Transactions on Information Theory},
  volume={47},
  number={4},
  pages={1423--1443},
  year={2001},
  publisher={IEEE}
}

@article{Dhar2017,
author = {Dhar, Pranab Kumar and Shimamura, Tetsuya},
doi = {10.13164/re.2017.0552},
file = {:home/ernesto/Documentos/Mendeley Desktop/2017/2017 - Blind Audio Watermarking in Transform Domain Based on Singular Value Decomposition and Exponential-Log Operations - Dhar, Shimamura.pdf:pdf},
journal = {SIGNALS},
keywords = {copyright protection,discrete cosine transform,eo,exponential,lo,logarithm operation,operation,singular value decomposition,svd},
pages = {552--561},
title = {{Blind Audio Watermarking in Transform Domain Based on Singular Value Decomposition and Exponential-Log Operations}},
year = {2017}
}

@article{Wang2016,
author = {Wang, X Y and Shi, Q L and Wang, S M and Yang, H Y},
doi = {10.1016/j.aeue.2016.01.002},
issn = {1434-8411},
journal = {International Journal of Electronics and Communications},
publisher = {Elsevier GmbH.},
title = {{A Blind Robust Digital Watermarking Using Invariant Exponent Moments}},
year = {2016}
}

@article{Ali2017,
author = {Ali, Ghulam and Mumtaz, Muhammad Tahir and Haq, Inam Ul and Rehman, Zia Ul and Ahmad, Nazir and Iqbal, Sohail and Asghar, Khurshid and Mumtaz, Muhammad Tayyab},
file = {:home/ernesto/Documentos/Mendeley Desktop/2017/2017 - Audio Watermarking by Hybridization of DWT-DCT - Ali et al.pdf:pdf},
journal = {International Journal of Computer Science and Network Security},
keywords = {adding white gaussian noise,audio watermarking,cosine transform,discrete,discrete wavelet transform,human auditory system,human visual,system},
number = {8},
pages = {19--27},
title = {{Audio Watermarking by Hybridization of DWT-DCT}},
volume = {17},
year = {2017}
}

@inproceedings{nin2013digital,
	title={Digital watermarking techniques and security issues in the information and communication society},
	author={Nin, Jordi and Ricciardi, Sergio},
	booktitle={Advanced Information Networking and Applications Workshops (WAINA), 2013 27th International Conference on},
	pages={1553--1558},
	year={2013},
	organization={IEEE}
}

@article{Alzain2018,
	author = {Alzain, Mohammed A and Al-amri, Jehad F and Technology, Information},
	file = {:home/ernesto/Documentos/Mendeley Desktop/2018/2018 - Application of Data Steganographic Method in Video Sequences Using Histogram Shifting in the Discrete Wavelet Transform - Alzain,.pdf:pdf},
	keywords = {data hiding,data into,dwt,may be considered the,most utilized scheme in,multi-,resolution,spatial domain,steganography,transform domain schemes embed,wavelet decomposition},
	number = {8},
	pages = {6380--6387},
	title = {{Application of Data Steganographic Method in Video Sequences Using Histogram Shifting in the Discrete Wavelet Transform}},
	volume = {13},
	year = {2018}
}

@article{sake2018bi,
	title={Bi-orthogonal Wavelet Transform Based Video Watermarking Using Optimization Techniques},
	author={Sake, Anjaneyulu and Tirumala, Ramashri},
	journal={Materials Today: Proceedings},
	volume={5},
	number={1},
	pages={1470--1477},
	year={2018},
	publisher={Elsevier}
}

@article{Alakuijala2017,
	archivePrefix = {arXiv},
	arxivId = {arXiv:1703.0442},
	author = {Alakuijala, J and Obryk, R and Stoliarchuk, O and Szabadka, Z and Vandevenne, L and Wassenberg, J},
	eprint = {arXiv:1703.0442},
	file = {:home/ernesto/Documentos/Mendeley Desktop/2017/2017 - Guetzli Perceptually Guided JPEG Encoder - Alakuijala et al.pdf:pdf},
	pages = {1--13},
	title = {{Guetzli: Perceptually Guided JPEG Encoder}},
	year = {2017}
}

@inproceedings{fischer2011transcription,
	title={Transcription alignment of Latin manuscripts using hidden Markov models},
	author={Fischer, Andreas and Frinken, Volkmar and Forn{\'e}s, Alicia and Bunke, Horst},
	booktitle={Proceedings of the 2011 Workshop on Historical Document Imaging and Processing},
	pages={29--36},
	year={2011},
	organization={ACM}
}



