@article{gul2019novel,
	title={A novel hash function based fragile watermarking method for image integrity},
	author={Gul, Ertugrul and Ozturk, Serkan},
	journal={Multimedia Tools and Applications},
	pages={1--18},
	year={2019},
	publisher={Springer}
}

@inproceedings{lin1999review,
	title={A review of fragile image watermarks},
	author={Lin, Eugene T and Delp, Edward J},
	booktitle={Proceedings of the Multimedia and Security Workshop (ACM Multimedia'99) Multimedia Contents},
	volume={1},
	pages={25--29},
	year={1999},
	organization={Citeseer}
}

@article{gong2018security,
	title={Security analysis of a self-embedding fragile image watermark scheme},
	author={Gong, Xinhui and Yu, Feng and Zhao, Xiaohong and Wang, Shihong},
	journal={arXiv preprint arXiv:1812.11735},
	year={2018}
}

@article{shehab2018secure,
	title={Secure and robust fragile watermarking scheme for medical images},
	author={Shehab, Abdulaziz and Elhoseny, Mohamed and Muhammad, Khan and Sangaiah, Arun Kumar and Yang, Po and Huang, Haojun and Hou, Guolin},
	journal={IEEE Access},
	volume={6},
	pages={10269--10278},
	year={2018},
	publisher={IEEE}
}

@inproceedings{song2017analysis,
	title={Analysis on the Copy-move and Splicing Forgery of Fragile Watermarking Based on Local Binary Pattern},
	author={Song, Peifei and Yue, Zhen and Yang, Rundong and Shi, Jie and Li, Zichen},
	booktitle={2017 2nd International Conference on Electrical, Control and Automation Engineering (ECAE 2017)},
	year={2017},
	organization={Atlantis Press}
}

@article{qin2017fragile,
	title={Fragile image watermarking scheme based on VQ index sharing and self-embedding},
	author={Qin, Chuan and Ji, Ping and Wang, Jinwei and Chang, Chin-Chen},
	journal={Multimedia Tools and Applications},
	volume={76},
	number={2},
	pages={2267--2287},
	year={2017},
	publisher={Springer}
}

@article{qin2016self,
	title={Self-embedding fragile watermarking based on reference-data interleaving and adaptive selection of embedding mode},
	author={Qin, Chuan and Wang, Huili and Zhang, Xinpeng and Sun, Xingming},
	journal={Information Sciences},
	volume={373},
	pages={233--250},
	year={2016},
	publisher={Elsevier}
}

@article{ansari2016svd,
	title={SVD based fragile watermarking scheme for tamper localization and self-recovery},
	author={Ansari, Irshad Ahmad and Pant, Millie and Ahn, Chang Wook},
	journal={International Journal of Machine Learning and Cybernetics},
	volume={7},
	number={6},
	pages={1225--1239},
	year={2016},
	publisher={Springer}
}

@inproceedings{aslantas2015new,
	title={A new SVD based fragile image watermarking by using genetic algorithm},
	author={Aslantas, Veysel and Dogru, Mevlut},
	booktitle={Sixth International Conference on Graphic and Image Processing (ICGIP 2014)},
	volume={9443},
	pages={94431H},
	year={2015},
	organization={International Society for Optics and Photonics}
}

@article{boujemaa2016fragile,
	title={Fragile watermarking of medical image for content authentication and security},
	author={Boujemaa, Nassiri and Yousef, EL and Rachid, Latif and Aziz, Bsiss Mohammed and others},
	journal={IJCSN-International Journal of Computer Science and Network},
	volume={5},
	number={5},
	year={2016},
	publisher={DLAR LABS PVT LTD}
}

@article{tuncer2018quantum,
	title={Quantum-Dot Cellular Automata based Fragile Watermarking Method for Tamper Detection using Chaos},
	author={Tuncer, Turker and Dogan, Sengul},
	year={2018}
}

@article{chukwuchekwa2019improved,
	title={Improved DCT based Digital Image Watermarking Technique using Particle Swarm Optimization Algorithm},
	author={Chukwuchekwa, Nkwachukwu and Akinwola, Bukola and Onojo, James},
	year={2019}
}

@article{nguyen2016reversible,
	title={A reversible image authentication scheme based on fragile watermarking in discrete wavelet transform domain},
	author={Nguyen, Thai-Son and Chang, Chin-Chen and Yang, Xiao-Qian},
	journal={AEU-International Journal of Electronics and Communications},
	volume={70},
	number={8},
	pages={1055--1061},
	year={2016},
	publisher={Elsevier}
}

@article{qi2015singular,
	title={A singular-value-based semi-fragile watermarking scheme for image content authentication with tamper localization},
	author={Qi, Xiaojun and Xin, Xing},
	journal={Journal of Visual Communication and Image Representation},
	volume={30},
	pages={312--327},
	year={2015},
	publisher={Elsevier}
}

@article{qin2017fragile,
	title={Fragile image watermarking with pixel-wise recovery based on overlapping embedding strategy},
	author={Qin, Chuan and Ji, Ping and Zhang, Xinpeng and Dong, Jing and Wang, Jinwei},
	journal={Signal Processing},
	volume={138},
	pages={280--293},
	year={2017},
	publisher={Elsevier}
}

@article{singh2017dct,
	title={DCT based efficient fragile watermarking scheme for image authentication and restoration},
	author={Singh, Durgesh and Singh, Sanjay K},
	journal={Multimedia Tools and Applications},
	volume={76},
	number={1},
	pages={953--977},
	year={2017},
	publisher={Springer}
}

@article{sreenivas2018fragile,
	title={Fragile watermarking schemes for image authentication: a survey},
	author={Sreenivas, K and Prasad, V Kamkshi},
	journal={International Journal of Machine Learning and Cybernetics},
	volume={9},
	number={7},
	pages={1193--1218},
	year={2018},
	publisher={Springer}
}

@article{yu2015new,
	title={New fragile watermarking method for stereo image authentication with localization and recovery},
	author={Yu, Mei and Wang, Jing and Jiang, Gangyi and Peng, Zongju and Shao, Feng and Luo, Ting},
	journal={AEU-International Journal of Electronics and Communications},
	volume={69},
	number={1},
	pages={361--370},
	year={2015},
	publisher={Elsevier}
}

@article{han2010content,
	title={Content-based image authentication: current status, issues, and challenges},
	author={Han, Shui-Hua and Chu, Chao-Hsien},
	journal={International Journal of Information Security},
	volume={9},
	number={1},
	pages={19--32},
	year={2010},
	publisher={Springer}
}

@article{el2014image,
	title={Image authentication algorithm with recovery capabilities based on neural networks in the DCT domain},
	author={El'arbi, Maher and Amar, Chokri Ben},
	journal={IET Image Processing},
	volume={8},
	number={11},
	pages={619--626},
	year={2014},
	publisher={IET}
}

@article{korus2013efficient,
	title={Efficient method for content reconstruction with self-embedding},
	author={Korus, Pawe{\l} and Dziech, Andrzej},
	journal={IEEE Transactions on Image Processing},
	volume={22},
	number={3},
	pages={1134--1147},
	year={2013},
	publisher={IEEE}
}

@article{singh2016effective,
	title={Effective self-embedding watermarking scheme for image tampered detection and localization with recovery capability},
	author={Singh, Durgesh and Singh, Sanjay K},
	journal={Journal of Visual Communication and Image Representation},
	volume={38},
	pages={775--789},
	year={2016},
	publisher={Elsevier}
}

@article{li2015semi,
	title={Semi-fragile self-recoverable watermarking algorithm based on wavelet group quantization and double authentication},
	author={Li, Chunlei and Zhang, Aihua and Liu, Zhoufeng and Liao, Liang and Huang, Di},
	journal={Multimedia tools and applications},
	volume={74},
	number={23},
	pages={10581--10604},
	year={2015},
	publisher={Springer}
}

@article{singh2016efficient,
	title={An efficient fragile watermarking scheme with multilevel tamper detection and recovery based on dynamic domain selection},
	author={Singh, Priyanka and Agarwal, Suneeta},
	journal={Multimedia tools and applications},
	volume={75},
	number={14},
	pages={8165--8194},
	year={2016},
	publisher={Springer}
}

@inproceedings{avila2018watermarking,
	title={{Watermarking Based on Krawtchouk Moments for Handwritten Document Images}},
	author={Avila-Domenech, Ernesto and Soria-Lorente, Anier},
	booktitle={International Workshop on Artificial Intelligence and Pattern Recognition},
	pages={122--129},
	year={2018},
	organization={Springer}
}

@book{wani2019advances,
	title={Advances in Deep Learning},
	author={Wani, M Arif and Bhat, Farooq Ahmad and Afzal, Saduf and Khan, Asif Iqbal},
	year={2019},
	publisher={Springer}
}

@book{Arnol'd:1987366,
	author        = "Arnol'd, Vladimir Igorevich and Avez, A",
	title         = "{Ergodic problems of classical mechanics}",
	publisher     = "W. A. Benjamin",
	address       = "New York, NY",
	series        = "The mathematical physics monograph series",
	year          = "1968",
	url           = "http://cds.cern.ch/record/1987366",
}

@article{Yap2003,
	title = {{Image Analysis by Krawtchouk Moments}},
	author = {Yap, P. and Paramesran, R. and Ong, S. H.},	
	journal = {IEEE Trans. Image Process.},
	pages = {1367--1377},	
	volume = {12},
	number = {11},
	year = {2003}}

@article{chen2001quantization,
	title={Quantization index modulation: A class of provably good methods for digital watermarking and information embedding},
	author={Chen, Brian and Wornell, Gregory W},
	journal={IEEE Transactions on Information Theory},
	volume={47},
	number={4},
	pages={1423--1443},
	year={2001},
	publisher={IEEE}
}

@book{Subramanian2018,
	author = {Subramanian, Vishnu},
	file = {:home/ernesto/Documentos/Mendeley Desktop/2018/2018 - Subramanian - Deep Learning with PyTorch Deep Learning with PyTorch.pdf:pdf},
	isbn = {9781788624336},
	pages = {250},
	publisher = {Packt Publishing Ltd.},
	title = {{Deep Learning with PyTorch: A practical approach to building neural network models using PyTorch}},
	year = {2018}
}

@inproceedings{mohanty1999dual,
	title={A dual watermarking technique for images},
	author={Mohanty, Saraju P and Ramakrishnan, KR and Kankanhalli, Mohan},
	booktitle={Proceedings of the seventh ACM international conference on Multimedia (Part 2)},
	pages={49--51},
	year={1999},
	organization={Citeseer}
}

@article{paszke2017pytorch,
	title={Pytorch: Tensors and dynamic neural networks in python with strong gpu acceleration},
	author={Paszke, Adam and Gross, Sam and Chintala, Soumith and Chanan, Gregory},
	journal={},
	volume={6},
	year={2017}
}

@inproceedings{wang2017dual,
	title={{Dual Watermarking Algorithm Based on Singular Value Decomposition and Compressive Sensing}},
	author={Wang, Nan and Li, Zhi and Cheng, Xinyu and Chen, Yi},
	booktitle={2017 IEEE 17th International Conference on Communication Technology (ICCT)},
	pages={1763--1767},
	year={2017},
	organization={IEEE}
}

@article{singh2018hybrid,
	title={A Hybrid Concept of Cryptography and Dual Watermarking (LSB\_DCT) for Data Security},
	author={Singh, Ranjeet Kumar and Shaw, Dilip Kumar},
	journal={International Journal of Information Security and Privacy (IJISP)},
	volume={12},
	number={1},
	pages={1--12},
	year={2018},
	publisher={IGI Global}
}

@article{singh2019robust,
	title={{Robust and distortion control dual watermarking in LWT domain using DCT and error correction code for color medical image}},
	author={Singh, AK},
	journal={Multimedia Tools and Applications},
	pages={1--11},
	year={2019},
	publisher={Springer}
}

@article{liu2018blind,
	title={Blind dual watermarking for color images’ authentication and copyright protection},
	author={Liu, Xiao-Long and Lin, Chia-Chen and Yuan, Shyan-Ming},
	journal={IEEE Transactions on Circuits and Systems for Video Technology},
	volume={28},
	number={5},
	pages={1047--1055},
	year={2018},
	publisher={IEEE}
}

@article{kingma2014adam,
	title={Adam: A method for stochastic optimization},
	author={Kingma, Diederik P and Ba, Jimmy},
	journal={arXiv preprint arXiv:1412.6980},
	year={2014}
}

@incollection{shanmuganathan2016artificial,
	title={Artificial neural network modelling: An introduction},
	author={Shanmuganathan, Subana},
	booktitle={Artificial neural network modelling},
	pages={1--14},
	year={2016},
	publisher={Springer}
}

@article{Karsoliya2012,
	author = {Karsoliya, Saurabh},
	file = {:home/ernesto/Documentos/Mendeley Desktop/2012/2012 - Karsoliya - Approximating Number of Hidden layer neurons in Multiple Hidden Layer BPNN Architecture.pdf:pdf},
	journal = {International Journal of Engineering Trends and Technology},
	number = {6},
	pages = {714--717},
	title = {{Approximating Number of Hidden layer neurons in Multiple Hidden Layer BPNN Architecture}},
	volume = {3},
	year = {2012}
}

@inproceedings{Boger1997,
	author = {Boger, Zvi and Box, P O},
	booktitle = {IEEE International Conference on Systems, Man, and Cybernetics. Computational Cybernetics and Simulation.},
	file = {:home/ernesto/Documentos/Mendeley Desktop/1997/1997 - Boger, Box - Knowledge Extraction from Artificial Neural Networks Models.pdf:pdf},
	isbn = {3014051241},
	pages = {1--12},
	title = {{Knowledge Extraction from Artificial Neural Networks Models}},
	year = {1997}
}

@inproceedings{Shin-ike2010,
	author = {Shin-ike, Kazuhiro},
	booktitle = {Proceedings of SICE Annual Conference 2010},
	file = {:home/ernesto/Documentos/Mendeley Desktop/2010/2010 - Shin-ike - A Two Phase Method for Determining the Number of Neurons in the Hidden Layer of a 3-Layer Neural Network Wk r.pdf:pdf},
	pages = {238--242},
	title = {{A Two Phase Method for Determining the Number of Neurons in the Hidden Layer of a 3-Layer Neural Network Wk r}},
	year = {2010}
}

@inproceedings{shivani2017dual,
	title={A Dual Watermarking Scheme for Ownership Verification and Pixel Level Authentication},
	author={Shivani, Shivendra and Singh, Priyanka and Agarwal, Suneeta},
	booktitle={Proceedings of the 9th International Conference on Computer and Automation Engineering},
	pages={131--135},
	year={2017},
	organization={ACM}
}

@inproceedings{fischer2009automatic,
	title={Automatic transcription of handwritten medieval documents},
	author={Fischer, Andreas and Wuthrich, Markus and Liwicki, Marcus and Frinken, Volkmar and Bunke, Horst and Viehhauser, Gabriel and Stolz, Michael},
	booktitle={2009 15th International Conference on Virtual Systems and Multimedia},
	pages={137--142},
	year={2009},
	organization={IEEE}
}

@inproceedings{pastor2016complete,
	title={Complete system for text line extraction using convolutional neural networks and watershed transform},
	author={Pastor-Pellicer, Joan and Afzal, Muhammad Zeshan and Liwicki, Marcus and Castro-Bleda, Mar{\'\i}a Jos{\'e}},
	booktitle={2016 12th IAPR Workshop on Document Analysis Systems (DAS)},
	pages={30--35},
	year={2016},
	organization={IEEE}
}

@inproceedings{fischer2011transcription,
	title={Transcription alignment of Latin manuscripts using hidden {Markov} models},
	author={Fischer, Andreas and Frinken, Volkmar and Forn{\'e}s, Alicia and Bunke, Horst},
	booktitle={Proceedings of the 2011 Workshop on Historical Document Imaging and Processing},
	pages={29--36},
	year={2011},
	organization={ACM}
}









