@inproceedings{Chow2017,
author = {Chow, Yang-Wai and Susilo, Willy and Tonien, Joseph and Zong, Wei},
booktitle = {ACISP 2017},
doi = {10.1007/978-3-319-59870-3},
isbn = {9783319598703},
keywords = {data hiding,discrete cosine transform,discrete wavelet,error correction,qr code,transform,watermarking},
pages = {314--331},
title = {{A QR Code Watermarking Approach Based on the DWT-DCT Technique}},
year = {2017}
}

@article{chen2001quantization,
	title={Quantization index modulation: A class of provably good methods for digital watermarking and information embedding},
	author={Chen, Brian and Wornell, Gregory W},
	journal={IEEE Transactions on Information Theory},
	volume={47},
	number={4},
	pages={1423--1443},
	year={2001},
	publisher={IEEE}
}

@article{Yap2003,
	title = {{Image Analysis by Krawtchouk Moments}},
	author = {Yap, P. and Paramesran, R. and Ong, S. H.},	
	journal = {IEEE Trans. Image Process.},
	pages = {1367--1377},	
	volume = {12},
	number = {11},
	year = {2003}}

@inproceedings{Yap2004,
	title={Local watermarks based on Krawtchouk moments},
	author={Yap, P-T and Paramesran, Raveendran},
	booktitle={TENCON 2004. 2004 IEEE Region 10 Conference},
	pages={73--76},
	year={2004},
	organization={IEEE}
}